@article{Spivak2013CategoryTF,
  title={Category theory for scientists},
  author={David I. Spivak},
  year={2013},
  url={https://api.semanticscholar.org/CorpusID:126379073}
}
